@article{Pietroni:2014:IVR:2635823.2611375,
 author = {Pietroni, Eva and Adami, Andrea},
 title = {Interacting with Virtual Reconstructions in Museums: The Etruscanning Project},
 journal = {J. Comput. Cult. Herit.},
 volume = {7},
 number = {2},
 year = {2014},
 pages = {9:1--9:29},
}

@inproceedings{Gousios:2014:ESP:2568225.2568260,
	author = {Gousios, Georgios and Pinzger, Martin and Deursen, Arie van},
	title = {An Exploratory Study of the Pull-based Software Development Model},
	booktitle = {Proceedings of the 36th International Conference on Software Engineering},
	series = {ICSE 2014},
	year = {2014},
	pages = {345--355},
}

@inproceedings{Dabbish:2012:SCG:2145204.2145396,
 author = {Dabbish, Laura and Stuart, Colleen and Tsay, Jason and Herbsleb, Jim},
 title = {Social Coding in GitHub: Transparency and Collaboration in an Open Software Repository},
 booktitle = {Proceedings of the ACM 2012 Conference on Computer Supported Cooperative Work},
 series = {CSCW '12},
 year = {2012},
 pages = {1277--1286},
}
